@article{PauliLetter,
  title={Letter to a physicists? gathering at Tubingen. December 4, 1930, reprinted in Wolfgang Pauli, Collected scientific papers, edited by R},
  author={Pauli, W},
  journal={Kronig and V. Weisskopf},
  volume={2},
  pages={1313}
}

@article{betaDecay,
      author         = "betaDecay",
      title          = "{An attempt of a theory of beta radiation. 1.}",
      journal        = "Z.Phys.",
      volume         = "88",
      pages          = "161-177",
      doi            = "10.1007/BF01351864",
      year           = "1934",
      reportNumber   = "UCRL-TRANS-726",
      SLACcitation   = "CITATION = ZEPYA,88,161;",
}

@article{soddy1913radio,
  title={The radio-elements and the periodic law},
  author={Soddy, Frederick},
  journal={Nature},
  volume={91},
  pages={57--58},
  year={1913}
}

@article{rasetti1929alternating,
  title={Alternating intensities in the spectrum of nitrogen},
  author={Rasetti, F},
  journal={Nature},
  volume={124},
  pages={792--793},
  year={1929}
}
@article{chadwick1925xxii,
  title={XXII. The scattering of beta-rays},
  author={Chadwick, James and Mercier, PH},
  journal={The London, Edinburgh, and Dublin Philosophical Magazine and Journal of Science},
  volume={50},
  number={295},
  pages={208--224},
  year={1925},
  publisher={Taylor \& Francis}
}

@article{on1956question,
  title={Question of parity conservation in weak interactions},
  author={ON, PRESENT EXPERIMENTAL LIMIT and NONCONSERVATION, PARITY},
  journal={Physical Review},
  volume={104},
  number={1},
  year={1956}
}

@ARTICLE{PROSPECT,
   author = {{Ashenfelter}, J. and {Balantekin}, A.~B. and {Band}, H.~R. and 
	{Barclay}, G. and {Bass}, C. and {Bowden}, N.~S. and {Bryan}, C.~D. and 
	{Cherwinka}, J.~J. and {Chu}, R. and {Classen}, T. and {Davee}, D. and 
	{Dean}, D. and {Deichert}, G. and {Diwan}, M. and {Dolinski}, M.~J. and 
	{Dolph}, J. and {Dwyer}, D.~A. and {Efremenko}, Y. and {Fan}, S. and 
	{Galindo-Uribarri}, A. and {Gilje}, K. and {Glenn}, A. and {Green}, M. and 
	{Han}, K. and {Hans}, S. and {Heeger}, K.~M. and {Heffron}, B. and 
	{Hu}, L. and {Huber}, P. and {Jaffe}, D.~E. and {Kamyshkov}, Y. and 
	{Kettell}, S. and {Lane}, C. and {Langford}, T.~J. and {Littlejohn}, B.~R. and 
	{Martinez}, D. and {McKeown}, R.~D. and {Mendenhall}, M.~P. and 
	{Morrell}, S. and {Mueller}, P. and {Mumm}, H.~P. and {Napolitano}, J. and 
	{Nico}, J.~S. and {Norcini}, D. and {Pushin}, D. and {Qian}, X. and 
	{Romero}, E. and {Rosero}, R. and {Seilhan}, B.~S. and {Sharma}, R. and 
	{Surukuchi}, P.~T. and {Thompson}, S.~J. and {Varner}, R.~L. and 
	{Viren}, B. and {Wang}, W. and {White}, B. and {White}, C. and 
	{Wilhelmi}, J. and {Williams}, C. and {Williams}, R.~E. and 
	{Wise}, T. and {Yao}, H. and {Yeh}, M. and {Zaitseva}, N. and 
	{Zhang}, C. and {Zhang}, X.},
    title = "{PROSPECT - A Precision Reactor Oscillation and Spectrum Experiment at Short Baselines}",
  journal = {ArXiv e-prints},
archivePrefix = "arXiv",
   eprint = {1309.7647},
 primaryClass = "physics.ins-det",
 keywords = {Physics - Instrumentation and Detectors, High Energy Physics - Experiment},
     year = 2013,
    month = sep,
   adsurl = {http://adsabs.harvard.edu/abs/2013arXiv1309.7647A},
  adsnote = {Provided by the SAO/NASA Astrophysics Data System}
}


@article{reines1980evidence,
  title={Evidence for neutrino instability},
  author={Reines, F and Sobel, HW and Pasierb, E},
  journal={Physical Review Letters},
  volume={45},
  number={16},
  pages={1307},
  year={1980},
  publisher={APS}
}

@article{reines1956neutrino,
  title={The neutrino},
  author={Reines, Frederick and Cowan, Clyde L},
  journal={Nature},
  volume={178},
  number={4531},
  pages={446--449},
  year={1956},
  publisher={Los Alamos Scientific Lab., N. Mex.}
}

@article{danby1962observation,
  title={Observation of high-energy neutrino reactions and the existence of two kinds of neutrinos},
  author={Danby, G and Gaillard, JM and Goulianos, Konstantin and Lederman, LM and Mistry, N and Schwartz, M and Steinberger, J},
  journal={Physical Review Letters},
  volume={9},
  number={1},
  pages={36--44},
  year={1962}
}

@article{davis1955attempt,
  title={Attempt to Detect the Antineutrinos from a Nuclear Reactor by the Cl 37 ($\nu${\={}}, e-) A 37 Reaction},
  author={Davis Jr, Raymond},
  journal={Physical Review},
  volume={97},
  number={3},
  pages={766},
  year={1955},
  publisher={APS}
}

@article{davis1968search,
  title={Search for neutrinos from the sun},
  author={Davis Jr, Raymond and Harmer, Don S and Hoffman, Kenneth C},
  journal={Physical Review Letters},
  volume={20},
  number={21},
  pages={1205},
  year={1968},
  publisher={APS}
}

@article{bahcall1964solar,
  title={Solar neutrinos. i. theoretical},
  author={Bahcall, John N},
  journal={Physical Review Letters},
  volume={12},
  number={11},
  pages={300--302},
  year={1964},
  publisher={American Physical Society}
}


@article{gribov1969neutrino,
  title={Neutrino astronomy and lepton charge},
  author={Gribov, V and Pontecorvo, B},
  journal={Physics Letters B},
  volume={28},
  number={7},
  pages={493--496},
  year={1969},
  publisher={Elsevier}
}

@article{maki1962remarks,
  title={Remarks on the unified model of elementary particles},
  author={Maki, Ziro and Nakagawa, Masami and Sakata, Shoichi},
  journal={Progress of Theoretical Physics},
  volume={28},
  number={5},
  pages={870--880},
  year={1962},
  publisher={Oxford University Press}
}

@article{hampel1999gallex,
  title={GALLEX solar neutrino observations: Results for GALLEX IV},
  author={Hampel, Wolfgang and Handt, J and Heusser, G and Kiko, J and Kirsten, T and Laubenstein, M and Pernicka, E and Rau, W and Wojcik, M and Zakharov, Yu and others},
  journal={Physics Letters B},
  volume={447},
  number={1},
  pages={127--133},
  year={1999},
  publisher={Elsevier}
}

@article{abdurashitov1994results,
  title={Results from SAGE (the Russian-American gallium solar neutrino experiment)},
  author={Abdurashitov, JN and Faizov, EL and Gavrin, VN and Gusev, AO and Kalikhov, AV and Knodel, TV and Knyshenko, II and Kornoukhov, VN and Mirmov, IN and Pshukov, AM and others},
  journal={Physics Letters B},
  volume={328},
  number={1},
  pages={234--248},
  year={1994},
  publisher={Elsevier}
}

@article{bellotti2001first,
  title={First results from GNO},
  author={Bellotti, E},
  journal={Nuclear Physics B-Proceedings Supplements},
  volume={91},
  number={1},
  pages={44--49},
  year={2001},
  publisher={Elsevier}
}

@article{hatakeyama1998measurement,
  title={Measurement of the Flux and Zenith-Angle Distribution of Upward Through-Going Muons in Kamiokande I I+ I I I},
  author={Hatakeyama, S and Hara, T and Fukuda, Y and Hayakawa, T and Inoue, K and Ishihara, K and Ishino, H and Joukou, S and Kajita, T and Kasuga, S and others},
  journal={Physical Review Letters},
  volume={81},
  number={10},
  pages={2016},
  year={1998},
  publisher={APS}
}

@article{super1999fukuda,
  title={Y. Fukuda et al., Constraints on neutrino oscillation parameters from the measurement of day night solar neutrino fluxes at Super-Kamiokande},
  author={Super-Kamiokande Collaboration and others},
  journal={Phys. Rev. Lett},
  volume={82},
  pages={1810},
  year={1999}
}

@article{ahmad2002direct,
  title={Direct evidence for neutrino flavor transformation from neutral-current interactions in the Sudbury Neutrino Observatory},
  author={Ahmad, QR and Allen, RC and Andersen, TC and Anglin, JD and Barton, JC and Beier, EW and Bercovitch, M and Bigu, J and Biller, SD and Black, RA and others},
  journal={Physical Review Letters},
  volume={89},
  number={1},
  pages={011301},
  year={2002},
  publisher={APS}
}

@article{kodama2001observation,
  title={Observation of tau neutrino interactions},
  author={Kodama, K and Ushida, N and Andreopoulos, C and Saoulidou, N and Tzanakos, G and Yager, P and Baller, B and Boehnlein, D and Freeman, W and Lundberg, B and others},
  journal={Physics Letters B},
  volume={504},
  number={3},
  pages={218--224},
  year={2001},
  publisher={Elsevier}
}

@ARTICLE{neutrinoreactorsvogel,
   author = {{Vogel}, P. and {Wen}, L. and {Zhang}, C.},
    title = "{Neutrino Oscillation Studies with Reactors}",
  journal = {ArXiv e-prints},
archivePrefix = "arXiv",
   eprint = {1503.01059},
 primaryClass = "hep-ex",
 keywords = {High Energy Physics - Experiment, High Energy Physics - Phenomenology, Physics - Instrumentation and Detectors},
     year = 2015,
    month = mar,
   adsurl = {http://adsabs.harvard.edu/abs/2015arXiv150301059V},
  adsnote = {Provided by the SAO/NASA Astrophysics Data System}
}

@article{PhysRevD.24.1097,
  title = {Search for neutrino oscillations at a fission reactor},
  author = {Kwon, H. and Boehm, F. and Hahn, A. A. and Henrikson, H. E. and Vuilleumier, J. -L. and Cavaignac, J. -F. and Koang, D. H. and Vignon, B. and Feilitzsch, F. v. and M\"ossbauer, R. L.},
  journal = {Phys. Rev. D},
  volume = {24},
  issue = {5},
  pages = {1097--1111},
  numpages = {0},
  year = {1981},
  month = {Sep},
  publisher = {American Physical Society},
  doi = {10.1103/PhysRevD.24.1097},
  url = {http://link.aps.org/doi/10.1103/PhysRevD.24.1097}
}

@article{Schreckenbach1985325,
title = "Determination of the antineutrino spectrum from 235U thermal neutron fission products up to 9.5 MeV ",
journal = "Physics Letters B ",
volume = "160",
number = "4–5",
pages = "325 - 330",
year = "1985",
note = "",
issn = "0370-2693",
doi = "http://dx.doi.org/10.1016/0370-2693(85)91337-1",
url = "http://www.sciencedirect.com/science/article/pii/0370269385913371",
author = "K. Schreckenbach and G. Colvin and W. Gelletly and F. Von Feilitzsch",
abstract = "A measurement of the cumulated beta spectrum from 235U fission products was performed with a magnetic spectrometer. The energy range 2.0–9.5 MeV was covered achieving a sensitivity of 3 x 10−6 betas per MeV per fission in the high energy region. The absolute rates were calibrated with a precision of 3%. The beta spectrum was converted into the correlated νe spectrum to provide a basis for antineutrino experiments at nuclear reactors. "
}

@techreport{kwon1981experimental,
  title={Experimental study of neutrino oscillations at a fission reactor},
  author={Kwon, H and Boehm, F and Hahn, AA},
  year={1981},
  institution={Grenoble-1 Univ., 38 (France). Inst. des Sciences Nucleaires}
}

@article{achkar1995search,
  title={Search for neutrino oscillations at 15, 40 and 95 meters from a nuclear power reactor at Bugey},
  author={Achkar, B and Aleksan, R and Avenier, M and Bagieu, G and Bouchez, J and Brissot, R and Cavaignac, J-F and Collot, J and Cousinou, MC and Cussonneau, Jean-Pierre and others},
  journal={Nuclear Physics B},
  volume={434},
  number={3},
  pages={503--532},
  year={1995},
  publisher={Elsevier}
}

@article{apollonio1999limits,
  title={Limits on neutrino oscillations from the CHOOZ experiment},
  author={Apollonio, M and Baldini, A and Bemporad, C and Caffau, E and Cei, F and Declais, Y and De Kerret, H and Dieterle, B and Etenko, A and George, J and others},
  journal={Physics Letters B},
  volume={466},
  number={2},
  pages={415--430},
  year={1999},
  publisher={Elsevier}
}

@article{boehm1999palo,
  title={The Palo Verde reactor neutrino oscillation experiment},
  author={Boehm, F and Busenitz, J and Dugger, M and Gratta, G and Hanson, J and Henrikson, H and Kornis, J and Lawrence, D and Lee, KB and Michael, D and others},
  journal={Nuclear Physics B-Proceedings Supplements},
  volume={77},
  number={1},
  pages={166--170},
  year={1999},
  publisher={Elsevier}
}

@article{araki2005measurement,
  title={Measurement of neutrino oscillation with KamLAND: Evidence of spectral distortion},
  author={Araki, T and Eguchi, K and Enomoto, S and Furuno, K and Ichimura, K and Ikeda, H and Inoue, K and Ishihara, K and Iwamoto, T and Kawashima, T and others},
  journal={Physical Review Letters},
  volume={94},
  number={8},
  pages={081801},
  year={2005},
  publisher={APS}
}

@article{gando2013reactor,
  title={Reactor on-off antineutrino measurement with KamLAND},
  author={Gando, A and Gando, Y and Hanakago, H and Ikeda, H and Inoue, K and Ishidoshiro, K and Ishikawa, H and Koga, M and Matsuda, R and Matsuda, S and others},
  journal={Physical Review D},
  volume={88},
  number={3},
  pages={033001},
  year={2013},
  publisher={APS}
}

@article{abe2011indication,
  title={Indication of electron neutrino appearance from an accelerator-produced off-axis muon neutrino beam},
  author={Abe, K and Abgrall, N and Ajima, Y and Aihara, H and Albert, JB and Andreopoulos, C and Andrieu, B and Aoki, S and Araoka, O and Argyriades, J and others},
  journal={Physical Review Letters},
  volume={107},
  number={4},
  pages={041801},
  year={2011},
  publisher={APS}
}
@article{Minos,
  title = {Improved Search for Muon-Neutrino to Electron-Neutrino Oscillations in MINOS},
  author = {Adamson, P. and Auty, D. J. and Ayres, D. S. and Backhouse, C. and Barr, G. and Betancourt, M. and Bishai, M. and Blake, A. and Bock, G. J. and Boehnlein, D. J. and Bogert, D. and Cao, S. V. and Cavanaugh, S. and Cherdack, D. and Childress, S. and Coelho, J. A. B. and Corwin, L. and Cronin-Hennessy, D. and Danko, I. Z. and de Jong, J. K. and Devenish, N. E. and Diwan, M. V. and Dorman, M. and Escobar, C. O. and Evans, J. J. and Falk, E. and Feldman, G. J. and Frohne, M. V. and Gallagher, H. R. and Gomes, R. A. and Goodman, M. C. and Gouffon, P. and Graf, N. and Gran, R. and Grzelak, K. and Habig, A. and Hartnell, J. and Hatcher, R. and Himmel, A. and Holin, A. and Huang, X. and Hylen, J. and Irwin, G. M. and Isvan, Z. and Jaffe, D. E. and James, C. and Jensen, D. and Kafka, T. and Kasahara, S. M. S. and Koizumi, G. and Kopp, S. and Kordosky, M. and Kreymer, A. and Lang, K. and Lefeuvre, G. and Ling, J. and Litchfield, P. J. and Loiacono, L. and Lucas, P. and Mann, W. A. and Marshak, M. L. and Mathis, M. and Mayer, N. and McGowan, A. M. and Mehdiyev, R. and Meier, J. R. and Messier, M. D. and Michael, D. G. and Miller, W. H. and Mishra, S. R. and Mitchell, J. and Moore, C. D. and Mualem, L. and Mufson, S. and Musser, J. and Naples, D. and Nelson, J. K. and Newman, H. B. and Nichol, R. J. and Nowak, J. A. and Ochoa-Ricoux, J. P. and Oliver, W. P. and Orchanian, M. and Paley, J. and Patterson, R. B. and Pawloski, G. and Pearce, G. F. and Phan-Budd, S. and Plunkett, R. K. and Qiu, X. and Ratchford, J. and Rebel, B. and Rosenfeld, C. and Rubin, H. A. and Sanchez, M. C. and Schneps, J. and Schreckenberger, A. and Schreiner, P. and Shanahan, P. and Sharma, R. and Sousa, A. and Tagg, N. and Talaga, R. L. and Thomas, J. and Thomson, M. A. and Toner, R. and Torretta, D. and Tzanakos, G. and Urheim, J. and Vahle, P. and Viren, B. and Walding, J. J. and Weber, A. and Webb, R. C. and White, C. and Whitehead, L. and Wojcicki, S. G. and Yang, T. and Zwaska, R.},
  journal = {Phys. Rev. Lett.},
  volume = {107},
  issue = {18},
  pages = {181802},
  numpages = {6},
  year = {2011},
  month = {Oct},
  publisher = {American Physical Society},
  doi = {10.1103/PhysRevLett.107.181802},
  url = {http://link.aps.org/doi/10.1103/PhysRevLett.107.181802}
}

@article{DoubleChooz,
  title = {Indication of Reactor ${\overline{$\nu${}}}_{e}$ Disappearance in the Double Chooz Experiment},
  author = {Abe, Y. and Aberle, C. and Akiri, T. and dos Anjos, J. C. and Ardellier, F. and Barbosa, A. F. and Baxter, A. and Bergevin, M. and Bernstein, A. and Bezerra, T. J. C. and Bezrukhov, L. and Blucher, E. and Bongrand, M. and Bowden, N. S. and Buck, C. and Busenitz, J. and Cabrera, A. and Caden, E. and Camilleri, L. and Carr, R. and Cerrada, M. and Chang, P.-J. and Chimenti, P. and Classen, T. and Collin, A. P. and Conover, E. and Conrad, J. M. and Cormon, S. and Crespo-Anad\'on, J. I. and Cribier, M. and Crum, K. and Cucoanes, A. and D'Agostino, M. V. and Damon, E. and Dawson, J. V. and Dazeley, S. and Dierckxsens, M. and Dietrich, D. and Djurcic, Z. and Dracos, M. and Durand, V. and Efremenko, Y. and Elnimr, M. and Endo, Y. and Etenko, A. and Falk, E. and Fallot, M. and Fechner, M. and von Feilitzsch, F. and Felde, J. and Fernandes, S. M. and Franco, D. and Franke, A. J. and Franke, M. and Furuta, H. and Gama, R. and Gil-Botella, I. and Giot, L. and G\"oger-Neff, M. and Gonzalez, L. F. G. and Goodman, M. C. and Goon, J. TM. and Greiner, D. and Guillon, B. and Haag, N. and Hagner, C. and Hara, T. and Hartmann, F. X. and Hartnell, J. and Haruna, T. and Haser, J. and Hatzikoutelis, A. and Hayakawa, T. and Hofmann, M. and Horton-Smith, G. A. and Ishitsuka, M. and Jochum, J. and Jollet, C. and Jones, C. L. and Kaether, F. and Kalousis, L. and Kamyshkov, Y. and Kaplan, D. M. and Kawasaki, T. and Keefer, G. and Kemp, E. and de Kerret, H. and Kibe, Y. and Konno, T. and Kryn, D. and Kuze, M. and Lachenmaier, T. and Lane, C. E. and Langbrandtner, C. and Lasserre, T. and Letourneau, A. and Lhuillier, D. and Lima, H. P. and Lindner, M. and Liu, Y. and L\'opez-Castan\~o, J. M. and LoSecco, J. M. and Lubsandorzhiev, B. K. and Lucht, S. and McKee, D. and Maeda, J. and Maesano, C. N. and Mariani, C. and Maricic, J. and Martino, J. and Matsubara, T. and Mention, G. and Meregaglia, A. and Miletic, T. and Milincic, R. and Milzstajn, A. and Miyata, H. and Motta, D. and Mueller, Th. A. and Nagasaka, Y. and Nakajima, K. and Novella, P. and Obolensky, M. and Oberauer, L. and Onillon, A. and Osborn, A. and Ostrovskiy, I. and Palomares, C. and Peeters, S. J. M. and Pepe, I. M. and Perasso, S. and Perrin, P. and Pfahler, P. and Porta, A. and Potzel, W. and Queval, R. and Reichenbacher, J. and Reinhold, B. and Remoto, A. and Reyna, D. and R\"ohling, M. and Roth, S. and Rubin, H. A. and Sakamoto, Y. and Santorelli, R. and Sato, F. and Sch\"onert, S. and Schoppmann, S. and Schwan, U. and Schwetz, T. and Shaevitz, M. H. and Shrestha, D. and Sida, J-L. and Sinev, V. and Skorokhvatov, M. and Smith, E. and Spitz, J. and Stahl, A. and Stancu, I. and Strait, M. and St\"uken, A. and Suekane, F. and Sukhotin, S. and Sumiyoshi, T. and Sun, Y. and Sun, Z. and Svoboda, R. and Tabata, H. and Tamura, N. and Terao, K. and Tonazzo, A. and Toups, M. and Trinh Thi, H. H. and Veyssiere, C. and Wagner, S. and Watanabe, H. and White, B. and Wiebusch, C. and Winslow, L. and Worcester, M. and Wurm, M. and Yanovitch, E. and Yermia, F. and Zbiri, K. and Zimmer, V.},
  journal = {Phys. Rev. Lett.},
  volume = {108},
  issue = {13},
  pages = {131801},
  numpages = {7},
  year = {2012},
  month = {Mar},
  publisher = {American Physical Society},
  doi = {10.1103/PhysRevLett.108.131801},
  url = {http://link.aps.org/doi/10.1103/PhysRevLett.108.131801}
}

@article{DayabayZero,
  title = {Observation of Electron-Antineutrino Disappearance at Daya Bay},
  author = {An, F. P. and Bai, J. Z. and Balantekin, A. B. and Band, H. R. and Beavis, D. and Beriguete, W. and Bishai, M. and Blyth, S. and Boddy, K. and Brown, R. L. and Cai, B. and Cao, G. F. and Cao, J. and Carr, R. and Chan, W. T. and Chang, J. F. and Chang, Y. and Chasman, C. and Chen, H. S. and Chen, H. Y. and Chen, S. J. and Chen, S. M. and Chen, X. C. and Chen, X. H. and Chen, X. S. and Chen, Y. and Chen, Y. X. and Cherwinka, J. J. and Chu, M. C. and Cummings, J. P. and Deng, Z. Y. and Ding, Y. Y. and Diwan, M. V. and Dong, L. and Draeger, E. and Du, X. F. and Dwyer, D. A. and Edwards, W. R. and Ely, S. R. and Fang, S. D. and Fu, J. Y. and Fu, Z. W. and Ge, L. Q. and Ghazikhanian, V. and Gill, R. L. and Goett, J. and Gonchar, M. and Gong, G. H. and Gong, H. and Gornushkin, Y. A. and Greenler, L. S. and Gu, W. Q. and Guan, M. Y. and Guo, X. H. and Hackenburg, R. W. and Hahn, R. L. and Hans, S. and He, M. and He, Q. and He, W. S. and Heeger, K. M. and Heng, Y. K. and Hinrichs, P. and Ho, T. H. and Hor, Y. K. and Hsiung, Y. B. and Hu, B. Z. and Hu, T. and Hu, T. and Huang, H. X. and Huang, H. Z. and Huang, P. W. and Huang, X. and Huang, X. T. and Huber, P. and Isvan, Z. and Jaffe, D. E. and Jetter, S. and Ji, X. L. and Ji, X. P. and Jiang, H. J. and Jiang, W. Q. and Jiao, J. B. and Johnson, R. A. and Kang, L. and Kettell, S. H. and Kramer, M. and Kwan, K. K. and Kwok, M. W. and Kwok, T. and Lai, C. Y. and Lai, W. C. and Lai, W. H. and Lau, K. and Lebanowski, L. and Lee, J. and Lee, M. K. P. and Leitner, R. and Leung, J. K. C. and Leung, K. Y. and Lewis, C. A. and Li, B. and Li, F. and Li, G. S. and Li, J. and Li, Q. J. and Li, S. F. and Li, W. D. and Li, X. B. and Li, X. N. and Li, X. Q. and Li, Y. and Li, Z. B. and Liang, H. and Liang, J. and Lin, C. J. and Lin, G. L. and Lin, S. K. and Lin, S. X. and Lin, Y. C. and Ling, J. J. and Link, J. M. and Littenberg, L. and Littlejohn, B. R. and Liu, B. J. and Liu, C. and Liu, D. W. and Liu, H. and Liu, J. C. and Liu, J. L. and Liu, S. and Liu, X. and Liu, Y. B. and Lu, C. and Lu, H. Q. and Luk, A. and Luk, K. B. and Luo, T. and Luo, X. L. and Ma, L. H. and Ma, Q. M. and Ma, X. B. and Ma, X. Y. and Ma, Y. Q. and Mayes, B. and McDonald, K. T. and McFarlane, M. C. and McKeown, R. D. and Meng, Y. and Mohapatra, D. and Morgan, J. E. and Nakajima, Y. and Napolitano, J. and Naumov, D. and Nemchenok, I. and Newsom, C. and Ngai, H. Y. and Ngai, W. K. and Nie, Y. B. and Ning, Z. and Ochoa-Ricoux, J. P. and Oh, D. and Olshevski, A. and Pagac, A. and Patton, S. and Pearson, C. and Pec, V. and Peng, J. C. and Piilonen, L. E. and Pinsky, L. and Pun, C. S. J. and Qi, F. Z. and Qi, M. and Qian, X. and Raper, N. and Rosero, R. and Roskovec, B. and Ruan, X. C. and Seilhan, B. and Shao, B. B. and Shih, K. and Steiner, H. and Stoler, P. and Sun, G. X. and Sun, J. L. and Tam, Y. H. and Tanaka, H. K. and Tang, X. and Themann, H. and Torun, Y. and Trentalange, S. and Tsai, O. and Tsang, K. V. and Tsang, R. H. M. and Tull, C. and Viren, B. and Virostek, S. and Vorobel, V. and Wang, C. H. and Wang, L. S. and Wang, L. Y. and Wang, L. Z. and Wang, M. and Wang, N. Y. and Wang, R. G. and Wang, T. and Wang, W. and Wang, X. and Wang, X. and Wang, Y. F. and Wang, Z. and Wang, Z. and Wang, Z. M. and Webber, D. M. and Wei, Y. D. and Wen, L. J. and Wenman, D. L. and Whisnant, K. and White, C. G. and Whitehead, L. and Whitten, C. A. and Wilhelmi, J. and Wise, T. and Wong, H. C. and Wong, H. L. H. and Wong, J. and Worcester, E. T. and Wu, F. F. and Wu, Q. and Xia, D. M. and Xiang, S. T. and Xiao, Q. and Xing, Z. Z. and Xu, G. and Xu, J. and Xu, J. and Xu, J. L. and Xu, W. and Xu, Y. and Xue, T. and Yang, C. G. and Yang, L. and Ye, M. and Yeh, M. and Yeh, Y. S. and Yip, K. and Young, B. L. and Yu, Z. Y. and Zhan, L. and Zhang, C. and Zhang, F. H. and Zhang, J. W. and Zhang, Q. M. and Zhang, K. and Zhang, Q. X. and Zhang, S. H. and Zhang, Y. C. and Zhang, Y. H. and Zhang, Y. X. and Zhang, Z. J. and Zhang, Z. P. and Zhang, Z. Y. and Zhao, J. and Zhao, Q. W. and Zhao, Y. B. and Zheng, L. and Zhong, W. L. and Zhou, L. and Zhou, Z. Y. and Zhuang, H. L. and Zou, J. H.},
  journal = {Phys. Rev. Lett.},
  volume = {108},
  issue = {17},
  pages = {171803},
  numpages = {7},
  year = {2012},
  month = {Apr},
  publisher = {American Physical Society},
  doi = {10.1103/PhysRevLett.108.171803},
  url = {http://link.aps.org/doi/10.1103/PhysRevLett.108.171803}
}

@article{an2013improved,
  title={Improved measurement of electron antineutrino disappearance at Daya Bay},
  author={An, FP and An, Q and Bai, JZ and Balantekin, AB and Band, HR and Beriguete, W and Bishai, M and Blyth, S and Brown, RL and Cao, GF and others},
  journal={Chinese Physics C},
  volume={37},
  number={1},
  pages={011001},
  year={2013},
  publisher={IOP Publishing}
}

@article{Vogelconversion,
  title = {Conversion of electron spectrum associated with fission into the antineutrino spectrum},
  author = {Vogel, Petr},
  journal = {Phys. Rev. C},
  volume = {76},
  issue = {2},
  pages = {025504},
  numpages = {5},
  year = {2007},
  month = {Aug},
  publisher = {American Physical Society},
  doi = {10.1103/PhysRevC.76.025504},
  url = {http://link.aps.org/doi/10.1103/PhysRevC.76.025504}
}

@article{mention2011reactor,
  title={Reactor antineutrino anomaly},
  author={Mention, G and Fechner, M and Lasserre, Th and Mueller, Th A and Lhuillier, D and Cribier, M and Letourneau, A},
  journal={Physical Review D},
  volume={83},
  number={7},
  pages={073006},
  year={2011},
  publisher={APS}
}

@article{2011reactorspectrum,
  title = {Improved predictions of reactor antineutrino spectra},
  author = {Mueller, Th. A. and Lhuillier, D. and Fallot, M. and Letourneau, A. and Cormon, S. and Fechner, M. and Giot, L. and Lasserre, T. and Martino, J. and Mention, G. and Porta, A. and Yermia, F.},
  journal = {Phys. Rev. C},
  volume = {83},
  issue = {5},
  pages = {054615},
  numpages = {17},
  year = {2011},
  month = {May},
  publisher = {American Physical Society},
  doi = {10.1103/PhysRevC.83.054615},
  url = {http://link.aps.org/doi/10.1103/PhysRevC.83.054615}
}

@article{Huber,
  title = {Determination of antineutrino spectra from nuclear reactors},
  author = {Huber, Patrick},
  journal = {Phys. Rev. C},
  volume = {84},
  issue = {2},
  pages = {024617},
  numpages = {16},
  year = {2011},
  month = {Aug},
  publisher = {American Physical Society},
  doi = {10.1103/PhysRevC.84.024617},
  url = {http://link.aps.org/doi/10.1103/PhysRevC.84.024617}
}

@article{aguilar2001evidence,
  title={Evidence for neutrino oscillations from the observation of $\nu${\={}} e appearance in a $\nu${\={}} $\mu$ beam},
  author={Aguilar, A and Auerbach, LB and Burman, RL and Caldwell, DO and Church, ED and Cochran, AK and Donahue, JB and Fazely, A and Garvey, GT and Gunasingha, RM and others},
  journal={Physical Review D},
  volume={64},
  number={11},
  pages={112007},
  year={2001},
  publisher={APS}
}

@article{aguilar2007search,
  title={Search for Electron Neutrino Appearance at the $\Delta$ m 2~ 1 eV 2 Scale},
  author={Aguilar-Arevalo, AA and Bazarko, AO and Brice, SJ and Brown, BC and Bugel, L and Cao, J and Coney, L and Conrad, JM and Cox, DC and Curioni, A and others},
  journal={Physical review letters},
  volume={98},
  number={23},
  pages={231801},
  year={2007},
  publisher={APS}
}

@article{DLSpectrum,
  title = {Spectral Structure of Electron Antineutrinos from Nuclear Reactors},
  author = {Dwyer, D.\,A. and Langford, T.\,J.},
  journal = {Phys. Rev. Lett.},
  volume = {114},
  issue = {1},
  pages = {012502},
  numpages = {5},
  year = {2015},
  month = {Jan},
  publisher = {American Physical Society},
  doi = {10.1103/PhysRevLett.114.012502},
  url = {http://link.aps.org/doi/10.1103/PhysRevLett.114.012502}
}

@misc{ensdf2003online,
  title={Online Data Service, ENSDF database},
  author={ENSDF, NNDC},
  year={2003}
}

@article{vogel1989neutrino,
  title={Neutrino electromagnetic form factors},
  author={Vogel, P and Engel, J},
  journal={Physical Review D},
  volume={39},
  number={11},
  pages={3378},
  year={1989},
  publisher={APS}
}

@article{Dayabay2014,
  title = {Spectral Measurement of Electron Antineutrino Oscillation Amplitude and Frequency at Daya Bay},
  author = {An, F. P. and Balantekin, A. B. and Band, H. R. and Beriguete, W. and Bishai, M. and Blyth, S. and Brown, R. L. and Butorov, I. and Cao, G. F. and Cao, J. and Carr, R. and Chan, Y. L. and Chang, J. F. and Chang, Y. and Chasman, C. and Chen, H. S. and Chen, H. Y. and Chen, S. J. and Chen, S. M. and Chen, X. C. and Chen, X. H. and Chen, Y. and Chen, Y. X. and Cheng, Y. P. and Cherwinka, J. J. and Chu, M. C. and Cummings, J. P. and de Arcos, J. and Deng, Z. Y. and Ding, Y. Y. and Diwan, M. V. and Draeger, E. and Du, X. F. and Dwyer, D. A. and Edwards, W. R. and Ely, S. R. and Fu, J. Y. and Ge, L. Q. and Gill, R. and Gonchar, M. and Gong, G. H. and Gong, H. and Gornushkin, Y. A. and Gu, W. Q. and Guan, M. Y. and Guo, X. H. and Hackenburg, R. W. and Hahn, R. L. and Han, G. H. and Hans, S. and He, M. and Heeger, K. M. and Heng, Y. K. and Hinrichs, P. and Hor, yk. and Hsiung, Y. B. and Hu, B. Z. and Hu, L. J. and Hu, L. M. and Hu, T. and Hu, W. and Huang, E. C. and Huang, H. X. and Huang, H. Z. and Huang, X. T. and Huber, P. and Hussain, G. and Isvan, Z. and Jaffe, D. E. and Jaffke, P. and Jetter, S. and Ji, X. L. and Ji, X. P. and Jiang, H. J. and Jiao, J. B. and Johnson, R. A. and Kang, L. and Kettell, S. H. and Kramer, M. and Kwan, K. K. and Kwok, M. W. and Kwok, T. and Lai, W. C. and Lai, W. H. and Lau, K. and Lebanowski, L. and Lee, J. and Lei, R. T. and Leitner, R. and Leung, A. and Leung, J. K. C. and Lewis, C. A. and Li, D. J. and Li, F. and Li, G. S. and Li, Q. J. and Li, W. D. and Li, X. N. and Li, X. Q. and Li, Y. F. and Li, Z. B. and Liang, H. and Lin, C. J. and Lin, G. L. and Lin, S. K. and Lin, Y. C. and Ling, J. J. and Link, J. M. and Littenberg, L. and Littlejohn, B. R. and Liu, D. W. and Liu, H. and Liu, J. C. and Liu, J. L. and Liu, S. S. and Liu, Y. B. and Lu, C. and Lu, H. Q. and Luk, K. B. and Ma, Q. M. and Ma, X. B. and Ma, X. Y. and Ma, Y. Q. and McDonald, K. T. and McFarlane, M. C. and McKeown, R. D. and Meng, Y. and Mitchell, I. and Nakajima, Y. and Napolitano, J. and Naumov, D. and Naumova, E. and Nemchenok, I. and Ngai, H. Y. and Ngai, W. K. and Ning, Z. and Ochoa-Ricoux, J. P. and Olshevski, A. and Patton, S. and Pec, V. and Peng, J. C. and Piilonen, L. E. and Pinsky, L. and Pun, C. S. J. and Qi, F. Z. and Qi, M. and Qian, X. and Raper, N. and Ren, B. and Ren, J. and Rosero, R. and Roskovec, B. and Ruan, X. C. and Shao, B. B. and Steiner, H. and Sun, G. X. and Sun, J. L. and Tam, Y. H. and Tanaka, H. K. and Tang, X. and Themann, H. and Trentalange, S. and Tsai, O. and Tsang, K. V. and Tsang, R. H. M. and Tull, C. E. and Tung, Y. C. and Viren, B. and Vorobel, V. and Wang, C. H. and Wang, L. S. and Wang, L. Y. and Wang, L. Z. and Wang, M. and Wang, N. Y. and Wang, R. G. and Wang, W. and Wang, W. W. and Wang, X. and Wang, Y. F. and Wang, Z. and Wang, Z. and Wang, Z. M. and Webber, D. M. and Wei, H. and Wei, Y. D. and Wen, L. J. and Whisnant, K. and White, C. G. and Whitehead, L. and Wise, T. and Wong, H. L. H. and Wong, S. C. F. and Worcester, E. and Wu, Q. and Xia, D. M. and Xia, J. K. and Xia, X. and Xing, Z. Z. and Xu, J. and Xu, J. L. and Xu, J. Y. and Xu, Y. and Xue, T. and Yan, J. and Yang, C. G. and Yang, L. and Yang, M. S. and Ye, M. and Yeh, M. and Yeh, Y. S. and Young, B. L. and Yu, G. Y. and Yu, J. Y. and Yu, Z. Y. and Zang, S. L. and Zhan, L. and Zhang, C. and Zhang, F. H. and Zhang, J. W. and Zhang, Q. M. and Zhang, S. H. and Zhang, Y. C. and Zhang, Y. H. and Zhang, Y. M. and Zhang, Y. X. and Zhang, Z. J. and Zhang, Z. P. and Zhang, Z. Y. and Zhao, J. and Zhao, Q. W. and Zhao, Y. B. and Zheng, L. and Zhong, W. L. and Zhou, L. and Zhou, Z. Y. and Zhuang, H. L. and Zou, J. H.},
  collaboration = {(Daya Bay Collaboration)},
  journal = {Phys. Rev. Lett.},
  volume = {112},
  issue = {6},
  pages = {061801},
  numpages = {8},
  year = {2014},
  month = {Feb},
  publisher = {American Physical Society},
  doi = {10.1103/PhysRevLett.112.061801},
  url = {http://link.aps.org/doi/10.1103/PhysRevLett.112.061801}
}

@article{Jocher2013131,
title = "Theoretical antineutrino detection, direction and ranging at long distances ",
journal = "Physics Reports ",
volume = "527",
number = "3",
pages = "131 - 204",
year = "2013",
note = "Theoretical Antineutrino Detection, Direction and Ranging at Long Distances ",
issn = "0370-1573",
doi = "http://dx.doi.org/10.1016/j.physrep.2013.01.005",
url = "http://www.sciencedirect.com/science/article/pii/S0370157313000240",
author = "Glenn R. Jocher and Daniel A. Bondy and Brian M. Dobbs and Stephen T. Dye and James A. Georges III and John G. Learned and Christopher L. Mulliss and Shawn Usman",
keywords = "Antineutrino",
keywords = "Neutrino",
keywords = "Geo-neutrino",
keywords = "Reactor",
keywords = "Geo-reactor",
keywords = "Oscillation ",
abstract = "Abstract In this paper we introduce the concept of what we call “NUDAR” (NeUtrino Direction and Ranging), making the point that measurements of the observed energy and direction vectors can be employed to passively deduce the exact three-dimensional location and thermal power of geophysical and anthropogenic neutrino sources from even a single detector. Earlier studies have presented the challenges of long-range detection, dominated by the unavoidable inverse-square falloff in neutrinos, which force the use of kiloton scale detectors beyond a few kilometers. Earlier work has also presented the case for multiple detectors, and has reviewed the background challenges. We present the most precise background estimates to date, all handled in full three dimensions, as functions of depth and geographical location. For the present calculations, we consider a hypothetical 138 kiloton detector which can be transported to an ocean site and deployed to an operational depth. We present a Bayesian estimation framework to incorporate any a priori knowledge of the reactor that we are trying to detect, as well as the estimated uncertainty in the background and the oscillation parameters. Most importantly, we fully employ the knowledge of the reactor spectrum and the distance-dependent effects of neutrino oscillations on such spectra. The latter, in particular, makes possible determination of range from one location, given adequate signal statistics. Further, we explore the rich potential of improving detection with even modest improvements in individual neutrino direction determination. We conclude that a 300 MWth reactor can indeed be geolocated, and its operating power estimated with one or two detectors in the hundred kiloton class at ranges out to a few hundred kilometers. We note that such detectors would have natural and non-interfering utility for scientific studies of geo-neutrinos, neutrino oscillations, and astrophysical neutrinos. This motivates the development of cost effective methods of constructing and deploying such next generation detectors. "
}


@book{particle2004particle,
  title={Particle physics booklet},
  author={Particle Data Group and others},
  year={2004},
  publisher={in the Americas, Australasia, or the Far East, write to: Particle Data Group, Lawrence Berkeley National Laboratory}
}

@article{Hewett2012,
      author         = "Hewett, J.L. and Weerts, H. and Brock, R. and Butler,
                        J.N. and Casey, B.C.K. and others",
      title          = "{Fundamental Physics at the Intensity Frontier}",
      doi            = "10.2172/1042577",
      year           = "2012",
      eprint         = "1205.2671",
      archivePrefix  = "arXiv",
      primaryClass   = "hep-ex",
      reportNumber   = "ANL-HEP-TR-12-25, SLAC-R-991, FERMILAB-CONF-12-879-PPD",
      SLACcitation   = "%%CITATION = ARXIV:1205.2671;%%",
}

@article{Formaggio,
      author         = "Formaggio, J.A. and Zeller, G.P.",
      title          = "{From eV to EeV: Neutrino Cross Sections Across Energy
                        Scales}",
      journal        = "Rev.Mod.Phys.",
      volume         = "84",
      pages          = "1307",
      doi            = "10.1103/RevModPhys.84.1307",
      year           = "2012",
      eprint         = "1305.7513",
      archivePrefix  = "arXiv",
      primaryClass   = "hep-ex",
      reportNumber   = "FERMILAB-PUB-12-785-E",
      SLACcitation   = "%%CITATION = ARXIV:1305.7513;%%",
}

@article{Hayes2013,
      author         = "Hayes, A.C. and Friar, J.L. and Garvey, G.T. and Jungman,
                        Gerard and Jonkmans, Guy",
      title          = "{Systematic Uncertainties in the Analysis of the Reactor
                        Neutrino Anomaly}",
      journal        = "Phys.Rev.Lett.",
      volume         = "112",
      pages          = "202501",
      doi            = "10.1103/PhysRevLett.112.202501",
      year           = "2014",
      eprint         = "1309.4146",
      archivePrefix  = "arXiv",
      primaryClass   = "nucl-th",
      reportNumber   = "LA-UR-13-27154",
      SLACcitation   = "%%CITATION = ARXIV:1309.4146;%%",
}

@book{knoll2010radiation,
  title={Radiation detection and measurement},
  author={Knoll, Glenn F},
  year={2010},
  publisher={John Wiley \& Sons}
}



































